@article{mpich,
  title={A high-performance, portable implementation of the MPI message passing interface standard},
  author={Gropp, William and Lusk, Ewing and Doss, Nathan and Skjellum, Anthony},
  journal={Parallel computing},
  volume={22},
  number={6},
  pages={789--828},
  year={1996},
  publisher={Elsevier}
}

@inproceedings{mvapich,
  title={Design of high performance MVAPICH2: MPI2 over InfiniBand},
  author={Huang, Wei and Santhanaraman, Gopalakrishnan and Jin, Hyun-Wook and Gao, Qi and Panda, Dhabaleswar K},
  booktitle={Cluster Computing and the Grid, 2006. CCGRID 06. Sixth IEEE International Symposium on},
  volume={1},
  pages={43--48},
  year={2006},
  organization={IEEE}
}

@incollection{openMPI,
  title={Open MPI: Goals, concept, and design of a next generation MPI implementation},
  author={Gabriel, Edgar and Fagg, Graham E and Bosilca, George and Angskun, Thara and Dongarra, Jack J and Squyres, Jeffrey M and Sahay, Vishal and Kambadur, Prabhanjan and Barrett, Brian and Lumsdaine, Andrew and others},
  booktitle={Recent Advances in Parallel Virtual Machine and Message Passing Interface},
  pages={97--104},
  year={2004},
  publisher={Springer}
}

@misc{openmpifr,
  author={The Open MPI Project},
  title={Is Open MPI thread safe},
  howpublished={\url{https://www.open-mpi.org/faq/?category=supported-systems}},
  year={2016},
  note="[Online; accessed 9-April-2016]"
}

@incollection{threadissue,
  title={Issues in developing a thread-safe MPI implementation},
  author={Gropp, William and Thakur, Rajeev},
  booktitle={Recent Advances in Parallel Virtual Machine and Message Passing Interface},
  pages={12--21},
  year={2006},
  publisher={Springer}
}

@incollection{mpilock,
  title={Toward efficient support for multithreaded MPI communication},
  author={Balaji, Pavan and Buntinas, Darius and Goodell, David and Gropp, William and Thakur, Rajeev},
  booktitle={Recent Advances in Parallel Virtual Machine and Message Passing Interface},
  pages={120--129},
  year={2008},
  publisher={Springer}
}
